@article{Lopes2007,
  title={How many words can my robot learn?: An approach and experiments with one-class learning},
  author={Seabra~Lopes, L  and Chauhan, Aneesh},
  journal={Interaction Studies},
  volume={8},
  number={1},
  pages={53 - 81},
  year={2007},
  publisher={John Benjamins Publishing Company}
}

@INPROCEEDINGS{Kim2013, 
author={D. Kim and H. Kim and J. Ha}, 
booktitle={2013 13th International Conference on Control, Automation and Systems (ICCAS 2013)}, 
title={Extrinsic calibration of rotating laser range finder using scene structure}, 
year={2013}, 
volume={}, 
number={}, 
pages={701-703}, 
keywords={calibration;laser ranging;rotating laser range finder;scene structure;LRF;extrinsic calibration method;scanned datum;calibration structure;exhaustive search;Lasers;Three-dimensional displays;Robot kinematics;Simultaneous localization and mapping;Manuals;Extrinsic calibration;laser range finder;registration}, 
doi={10.1109/ICCAS.2013.6703960}, 
ISSN={2093-7121}, 
month={Oct}}